2508 4039
391 446 423 482 Ο
1896 465 1899 467 ,

360 446 380 497 3
427 501 572 565 Quid
612 501 747 552 ultra
785 492 1046 569 expectari
1086 513 1325 570 poterat,
1354 497 1491 569 quod
1530 515 1636 549 non
1673 494 1972 567 praestiterit
2010 512 2215 568 magna-

283 571 426 624 nima
465 572 629 625 isthaec
667 615 680 638 ‚
718 574 778 625 &c
819 571 967 642 supra
1006 572 1183 625 sexum
1222 570 1467 624 munifica
1504 570 1775 636 Hemina,
1815 587 1921 640 quae
1960 568 2210 621 nullum-.

280 662 509 714 unquam
549 659 880 696 momentum
918 645 1173 698 beneficio
1220 643 1392 695 sterile
1430 685 1444 708 ‚
1489 656 1580 695 aut
1626 642 1776 696 laude
1813 659 2038 695 vacuum
2074 641 2209 721 passa

282 714 387 767 fuit
423 716 550 768 elabi
580 716 598 768 ?
651 718 823 769 Immo
863 717 989 786 quid
1039 717 1208 771 facere
1245 734 1351 768 non
1388 714 1703 785 paraverat?
1758 714 1861 768 Sed
1906 710 1975 764 oh
2012 712 2207 793 fallaci-a

279 786 516 855 consilia,
546 788 613 840 oh
651 787 883 842 humanae
923 789 1031 859 spes
1071 808 1226 859 quam
1266 787 1494 841 caducael
1550 788 1704 840 Dum
1734 784 2015 856 impensius
2045 785 2207 838 medl-

275 860 482 912 tabatur
521 861 711 914 merita
749 861 953 914 meritis
992 905 1004 927 ‚
1042 859 1369 931 virtutesque
1407 859 1699 912 virtutibus
1737 857 2010 938 cumulare·
2042 900 2056 923 ,
2094 856 2208 938 vul-

275 931 416 1000 gavit
455 931 590 986 fama
628 975 640 997 ,
698 933 1081 987 Sereniffimam
1119 933 1386 1005 Reginam
1444 932 1586 1003 gravi
1627 932 1856 1002 corporis
1894 930 2206 1001 aegritudme

272 1003 508 1056 affee‘tam
531 1049 542 1069 ,
582 1007 642 1058 &c
681 1006 817 1075 quod
856 1007 1089 1059 acerbius
1128 1005 1233 1072 est,
1273 1004 1435 1059 morti
1472 1005 1797 1074 proximam.

417 1076 667 1129 Coclestes
708 1077 873 1128 Genii
911 1121 923 1144 ‚
963 1079 1152 1148 quibus
1192 1098 1256 1130 ex
1294 1079 1396 1132 alto
1457 1078 1764 1130 demandata
1799 1075 1905 1130 fuit
1942 1093 2065 1128 cura
2101 1072 2206 1128 affi-

272 1148 429 1200 dendi
462 1191 473 1213 ,
513 1147 885 1218 praestandique
926 1149 1164 1219 suprema
1202 1151 1413 1220 pietatis
1451 1149 1620 1203 officia
1657 1165 1808 1202 tantae
1847 1148 2064 1228 infirmae
2102 1147 2204 1200 lan-

270 1221 519 1290 guoribus
558 1263 570 1286 ,
609 1239 715 1290 quae
755 1240 861 1272 non
902 1222 1104 1276 vidistis
1143 1223 1521 1276 admirabundo
1568 1221 1778 1293 stupore
1817 1220 2058 1291 perie&ae
2097 1239 2206 1273 mo-

269 1291 437 1344 destiae
460 1335 471 1357 ‚
503 1293 797 1361 patientiae,
839 1294 1206 1365 religionisque
1246 1295 1521 1367 prodigia?
1577 1294 1775 1349 Adeste
1813 1295 1954 1360 Vos,
1994 1294 2056 1347 δί
2091 1311 2203 1346 nar-

265 1382 378 1417 rate
418 1364 687 1417 leffissimo
725 1365 846 1419 huic
886 1369 1046 1420 coetui
1094 1367 1259 1438 (nam
1300 1369 1402 1422 haec
1443 1368 1699 1439 seraphica
1737 1367 1913 1438 potius
1951 1408 1964 1431 ‚
2003 1384 2203 1436 quam..

266 1436 442 1507 lingua
481 1437 691 1489 mortali
730 1438 987 1491 recenseri
1027 1442 1343 1513 merentur)
1373 1457 1609 1508 narrate,
1640 1441 1852 1512 inquam
1874 1483 1886 1506 ,
1918 1438 2199 1504 invidiam,

261 1507 516 1578 supraque
573 1508 855 1562 humanam
914 1513 1071 1564 fidem
1120 1513 1555 1583 imperturbatam
1604 1514 1941 1568 constantiam
1980 1511 2202 1581 Reginae

261 1579 442 1633 nostrae
483 1581 538 1632 in
578 1581 908 1650 perferendis
948 1585 1121 1638 morbi
1162 1585 1417 1640 saevientis
1456 1587 1765 1650 insultibus3
1803 1585 2018 1639 assiduos
2057 1583 2201 1636 adius

264 1651 419 1704 Fidei
440 1695 453 1717 ‚
476 1652 768 1706 Charitatis
789 1698 801 1720 ,
824 1657 884 1709 &
913 1657 1037 1727 Spei
1070 1677 1190 1729 erga
1219 1660 1479 1713 Divinam
1500 1659 1862 1714 Clementiam
1883 1680 1895 1723 ;
1935 1657 2202 1709 ferventes

262 1724 579 1790 jaculatorias
610 1745 938 1798 quacumque
967 1730 1021 1782 vi
1050 1731 1221 1782 morbi
1254 1751 1524 1802 nunquam
1556 1732 1903 1795 intermissa35
1943 1729 2201 1799 repetitos

262 1796 424 1848 animi
466 1798 718 1867 impulsus
767 1801 827 1851 ad
869 1801 985 1854 Cor
1025 1803 1266 1872 Deiparae
1307 1847 1319 1869 ,
1371 1804 1611 1875 Divique
1647 1803 1832 1877 Joseph
1873 1805 1980 1869 ejus
2018 1800 2202 1872 Sponfi

263 1868 591 1922 efficacissimi
622 1871 969 1925 morientium
998 1874 1251 1939 Patroni;
1291 1877 1456 1929 defixa
1495 1878 1748 1930 continuo
1780 1875 1979 1929 lumina
2016 1874 2070 1925 in
2093 1875 2202 1927 Re-

262 1942 598 2012 demptorem
638 1942 975 1998 Crucifixum
1014 1989 1027 2011 ‚
1067 1947 1127 2000 ὅζ
1166 1966 1219 1999 os
1262 1967 1531 2019 nunquam
1570 1949 1832 2003 divulsum
1887 1949 1948 2000 ab
1987 1949 2094 2014 ejus
2132 1945 2201 1999 sa-

261 2013 537 2066 crosanefis
576 2015 827 2084 pedibus,
867 2018 961 2070 nisi
1002 2038 1123 2072 cum
1162 2019 1344 2073 osculis
1382 2022 1780 2090 preces,oscula
1807 2019 2051 2090 precibus
2091 2021 2200 2099 jun-

261 2102 411 2155 geret
450 2108 459 2138 :
499 2088 755 2153 Narrate,
795 2109 1014 2159 precor,
1055 2107 1245 2161 quanta
1281 2093 1443 2145 animi
1484 2092 1811 2145 submissione
1850 2092 2065 2147 intimas
2096 2109 2199 2144 anl-

260 2159 337 2209 mi
367 2158 582 2212 latebras
609 2160 944 2216 Poenitentiae
974 2165 1311 2218 Sacramento
1339 2166 1538 2218 iterum
1560 2208 1571 2229 ,
1600 2185 1655 2218 ac
1684 2165 1858 2235 saepius
1890 2165 2193 2234 excusserit,

258 2246 450 2300 quanta
477 2234 818 2286 veneratione
848 2235 1288 2306 Augustiffimum
1317 2237 1645 2290 CHRISTI
1681 2237 2002 2292 CORPUS
2039 2237 2197 2291 susce-

258 2303 400 2371 perit
421 2345 433 2366 ,
455 2322 610 2372 quam
641 2304 893 2358 instanter
922 2307 1142 2377 petierit
1164 2351 1175 2372 ,
1204 2308 1463 2379 enixeque
1494 2309 1756 2379 rogaverit
1776 2353 1788 2375 ,
1808 2325 1868 2363 ut
1890 2310 2194 2383 Chrismate

259 2374 508 2444 piaculari
547 2376 896 2447 inungeretur
926 2422 938 2444 ,
980 2399 1043 2431 ne
1084 2380 1332 2433 remetari
1380 2400 1494 2450 pars
1543 2382 1775 2434 deterior
1812 2383 1977 2452 poffet
2017 2383 2072 2435 in
2111 2402 2196 2436 ex-

259 2462 431 2499 trema
470 2465 527 2498 ea
565 2447 735 2513 luera,
766 2450 821 2501 in
859 2471 958 2525 qua
994 2453 1210 2522 grandes
1249 2452 1409 2504 etiam
1449 2453 1717 2523 trepidant
1753 2456 1965 2520 animae;
2003 2456 2192 2508 Narra-

259 2533 315 2570 te
355 2560 367 2582 ,
407 2518 617 2571 obsecro
654 2563 667 2585 ‚
709 2537 839 2591 quot
877 2523 1040 2575 animi
1080 2543 1204 2576 vere
1261 2523 1529 2578 Catholici
1578 2525 1973 2596 significationes
2011 2571 2024 2593 ‚
2063 2544 2193 2599 quot

260 2591 498 2659 exempla
528 2590 733 2644 inviclae
763 2595 1027 2663 patientiae
1048 2638 1060 2661 ‚
1092 2611 1221 2666 quot
1249 2597 1450 2651 monita
1478 2596 1694 2650 heroicae
1733 2599 1949 2654 virtutis
1990 2601 2193 2655 cun6Hs

260 2662 467 2715 dederit
507 2663 961 2719 circumstantibus
984 2709 994 2719 .

405 2736 534 2798 Quae
574 2751 636 2787 ut
674 2736 827 2789 sensit
864 2741 1216 2809 propinquam
1256 2758 1487 2795 mortem
1523 2743 1691 2796 adess'e
1720 2786 1733 2808 ,
1772 2761 1949 2816 rogato
1987 2747 2043 2799 in
2081 2749 2187 2818 pri-

260 2806 360 2859 mis
400 2805 575 2874 Regio
613 2808 813 2861 Marito
851 2852 864 2875 ‚
905 2825 964 2862 ut
1000 2811 1093 2863 fibi
1132 2814 1412 2883 benignam
1450 2816 1664 2868 veniam
1711 2816 1977 2885 impertiri
2019 2821 2192 2892 digna-

258 2894 409 2931 retur
439 2878 503 2929 de
533 2878 946 2950 quibuscumque
984 2885 1264 2952 praeteritis
1303 2889 1410 2951 ejus
1448 2887 1771 2953 defeetibus,
1810 2905 2189 2963 nutantemque

259 2953 367 3017 ejus
407 2949 632 3001 animam
665 2955 1083 3007 commendatam
1122 2956 1309 3009 habere
1348 2976 1507 3026 penes
1534 2958 1894 3028 Altiffimum‚
1916 2962 2012 3017 hoc
2047 2963 2189 3017 idem

260 3021 500 3092 praestitit
530 3024 735 3075 coeteris
764 3024 973 3080 Aulicis
995 3070 1007 3092 ,
1036 3030 1097 3081 ὅζ
1117 3030 1377 3081 Matronis
1408 3049 1527 3082 rarae
1558 3030 1898 3085 submiffionis
1926 3034 2187 3103 officium,

260 3095 346 3146 cui
385 3093 536 3145 fletus
557 3137 569 3160 ,
610 3095 896 3167 singultus,
935 3101 995 3152 &c
1034 3102 1226 3153 obortae
1265 3101 1504 3154 omnium
1541 3104 1776 3172 lacrymae
1813 3125 1910 3175 pro
1947 3108 2189 3178 responso

259 3165 553 3218 steterunt.
610 3169 743 3220 Mox
781 3171 1060 3223 recolle6³m
1099 3173 1482 3243 aliquantulum
1521 3175 1706 3245 spiritu
1739 3177 2014 3249 Principes
2052 3181 2187 3234 filios

259 3256 366 3289 non
405 3238 585 3306 procul
624 3255 863 3293 materno
901 3244 1174 3310 cubiculo,
1206 3245 1260 3297 in
1299 3246 1540 3298 moeroris
1578 3247 1912 3303 altitudinem
1951 3253 2188 3306 conditos

257 3310 402 3377 jubet
438 3309 592 3362 ‘acciri
623 3355 636 3378 ,
676 3313 862 3383 quibus
901 3333 1233 3384 peramanter
1279 3318 1511 3387 exceptis
1541 3361 1554 3384 ,
1595 3319 1729 3372 fama
1768 3320 1840 3372 est
1886 3342 1992 3376 non
2031 3326 2189 3378 dubia

259 3381 314 3433 in
352 3380 454 3433 haec
494 3383 856 3453 religiolissima
893 3387 1044 3441 effata
1069 3430 1082 3454 ,
1119 3390 1473 3443 intermortua
1510 3391 1641 3445 ficut
1679 3407 1885 3462 poterat
1923 3415 2053 3450 voce
2091 3398 2185 3448 lin-

256 3471 410 3523 guam
448 3452 646 3507 solvisse
667 3499 677 3508 .

401 3525 527 3577 Filii
566 3570 578 3592 ,
618 3548 724 3581 non
762 3531 984 3599 amplius
1024 3533 1186 3598 Filii;
1236 3534 1355 3604 quia
1393 3554 1517 3587 mox
1554 3535 1825 3590 deserendi
1863 3581 1878 3605 ‚
1916 3559 1982 3592 en
2019 3540 2187 3596 Vobis

251 3596 307 3650 in
346 3611 513 3652 matre
552 3599 720 3653 vestra
759 3621 861 3672 quo
900 3605 1000 3657 fine
1040 3604 1263 3660 humana
1304 3606 1609 3661 claudantur
1639 3649 1650 3661 .
1707 3610 1771 3663 In
1818 3612 1994 3664 medio
2029 3631 2185 3666 anno-

1991 3703 2110 3739 rum
