2508 4039
2089 378 2117 410 2

300 440 383 474 ros
424 443 435 485 3
484 415 521 472 fi
570 415 870 488 sapientiam
910 419 945 482 ,‘
973 418 1100 489 quid
1147 422 1434 489 per·fe&cius
1484 438 1565 477 tot
1614 424 1869 480 institutis
1916 376 2225 499 propofisis]

301 493 599 564 legibusque
638 490 861 543 conditis
893 489 910 541 Ρ
950 491 986 542 fi
1026 493 1210 545 excelsi
1250 496 1409 547 animi
1451 498 1903 567 magnitudinem,
1943 503 2069 571 quid
2108 519 2229 573 ρι’-ἆξ-

298 566 488 619 clarius
527 581 630 617 tam
668 563 1324 619 admirabili'summorum
1361 568 1677 639 Principum
1714 571 1947 626 Choro?
1995 573 2032 625 fi
2071 576 2225 640 belli,

295 633 534 709 pacisque
574 650 878 688 ornamenta
916 679 927 701 ‚
965 638 1093 707 quid
1134 637 1452 708 splendidius
1491 658 1572 694 tot
1610 643 1833 712 publicis
1863 689 1875 710 ,
1915 646 2229 701 domesticis·-

298 729 401 781 que
440 706 908 781 gloriosiffimarum
946 729 1127 762 rerum
1166 715 1523 766 monumentis
1561 757 1574 779 ,
1614 736 1723 786 quae
1762 736 1859 770 nec
1908 721 2230 773 numerando

298 782 569 835 recensere
604 779 751 850 possis
789 823 802 845 ‚
843 800 939 834 nec
988 784 1262 847 judicando
1302 786 1589 840 aestimare?
1645 790 1825 854 Quare
1873 789 2029 843 hodie
2075 811 2230 846 nom

298 853 742 909 commendationi
792 857 1048 919 majorum
1087 900 1098 922 ,
1138 857 1223 912 sed
1270 860 1540 912 acerbitati
1599 860 1799 913 funeris
1846 862 2231 933 indulgendum

301 927 406 993 est,
437 926 706 997 nostraque
745 945 893 978 mens
924 970 935 992 ,
974 948 1029 982 ac
1064 931 1233 984 oratio
1271 952 1297 985 a
1333 931 1569 985 laudibus
1606 933 1948 1004 antiquorum
1987 938 2231 1007 abrepta,

297 1015 409 1053 tota
446 1001 593 1053 cedat
621 999 822 1051 neceffe
852 999 926 1052 est
962 1003 1350 1070 praesentissimo
1379 1006 1536 1058 unius
1564 1021 1753 1076 ereptae
1774 1008 1996 1079 Reginae
2028 1011 2195 1062 dolori
2219 1053 2229 1064 .

446 1072 593 1137 Quid
632 1071 774 1123 enim
814 1073 1082 1142 pulchrius
1123 1078 1178 1129 in
1219 1078 1434 1132 foemina
1470 1078 1930 1151 Principe‚quam
1970 1082 2044 1134 ita
2081 1084 2236 1135 abun-

297 1146 432 1199 daffe
471 1146 735 1198 virtutum
774 1148 1018 1199 omnium
1057 1169 1197 1218 penu
1232 1195 1245 1216 ‚
1284 1168 1344 1204 ut
1391 1151 1596 1203 nemini
1634 1152 1912 1222 quicquam
1950 1155 2235 1208 debuerit?

298 1220 379 1271 Ita
417 1219 557 1270 inter
594 1217 788 1288 patrios
829 1218 1247 1293 Coniugalesque
1285 1240 1500 1294 penates
1539 1224 1786 1277 enituisse
1823 1267 1836 1290 ‚
1876 1242 1937 1278 ut
1976 1227 2081 1296 ipsa
2118 1229 2234 1297 plus

298 1290 572 1345 contuliss'e
611 1290 897 1359 splendoris
930 1335 942 1358 ,
976 1314 1131 1364 quam
1171 1298 1232 1348 ab
1269 1298 1382 1350 aliis
1421 1297 1679 1350 mutuaffe
1718 1298 1964 1352 dicatur?
2020 1299 2113 1351 Est
2151 1302 2238 1353 ali-

297 1383 427 1435 qua,
450 1383 554 1415 non
592 1362 797 1416 inficior
817 1407 830 1430 ‚
860 1365 938 1418 vis
972 1366 1231 1438 sanguinis
1251 1411 1264 1435 ,
1286 1372 1347 1424 ὃς
1368 1369 1619 1442 originis,
1641 1389 1749 1440 quae
1788 1370 1836 1421 se
1876 1371 1980 1441 ipsa
2010 1373 2236 1427 mirifice

296 1437 353 1489 in
402 1436 486 1488 sua
523 1435 839 1489 diffunditur
888 1440 1126 1509 germina
1165 1484 1178 1506 ‚
1216 1443 1507 1514 edocetque
1555 1458 1675 1495 ante
1723 1462 1881 1496 annos
1929 1461 2234 1498 maturam

291 1509 635 1578 ‘sapientiam3
691 1509 1058 1564 Veruntamen
1108 1512 1201 1566 ista
1248 1535 1355 1569 non
1401 1516 1697 1570 necestitate
1745 1517 1910 1587 aliqua
1957 1518 2063 1588 agit
2102 1561 2114 1582 ,
2153 1519 2237 1571 sed

299 1581 511 1634 saelicius
551 1580 818 1634 invalescit
855 1585 916 1635 ab
954 1586 1171 1654 optimis
1209 1588 1487 1658 Nepotum
1526 1588 1946 1660 institutis‚quae
1984 1589 2235 1659 nusquam

294 1654 456 1724 magis
485 1653 854 1707 'inclaruerunt
893 1656 1036 1708 inter
1072 1658 1307 1713 Illustres
1348 1661 1589 1715 foeminas
1609 1705 1623 1729 ‚
1653 1681 1809 1732 quam
1847 1664 1904 1714 in
1942 1662 2117 1715 animo
2150 1664 2238 1716 Se-

298 1724 568 1780 renissimae
606 1727 826 1797 Reginae
864 1729 1044 1782 nostrae
1069 1773 1079 1783 .

436 1801 651 1865 Quaeret
684 1799 893 1853 sortasse
923 1802 1107 1872 aliquis
1140 1806 1205 1857 de
1235 1807 1563 1861 incunabulis
1584 1851 1597 1874 ‚
1628 1810 1691 1862 de
1731 1808 1953 1863 infantia
1973 1853 1985 1875 ,
2016 1811 2081 1862 de
2111 1830 2234 1880 puc-

293 1872 455 1926 ritia?
492 1872 857 1944 Investigabit‚
886 1876 1000 1945 quis
1030 1877 1236 1946 genius,
1259 1882 1464 1950 quodve
1494 1882 1790 1951 propitium
1823 1881 1974 1950 sydus
2005 1883 2234 1935 nascenti

293 1943 582 1998 effulserit?
638 1946 721 1996 At
750 1945 883 1997 mihi
922 1967 1029 2000 non
1068 1968 1133 2003 ex
1170 1949 1498 2024 horoscopi3‚
1537 1954 1622 2006 vel
1651 1953 1949 2023 aruspicum
1988 1954 2200 2007 somniis
2223 2000 2234 2021 ,

294 2017 379 2070 sed
420 2037 484 2070 ex
521 2017 698 2069 indole
737 2059 749 2082 ‚
796 2018 858 2071 &
896 2019 1048 2090 gestis
1106 2025 1412 2079 maturioris
1451 2025 1611 2079 aetatis
1652 2027 1882 2096 petenda
1927 2027 2031 2080 haec
2070 2027 2237 2080 sunt?

292 2093 510 2156 Quaeret
549 2089 611 2141 de
650 2090 1028 2145 adolescentia?
1086 2095 1137 2148 V
1140 2097 1196 2148 ix
1233 2114 1350 2167 apta
1387 2099 1602 2152 floribus
1642 2115 1789 2164 erat,
1829 2119 1951 2152 cum
1991 2099 2098 2152 fuit
2136 2119 2236 2152 ma-

293 2178 414 2215 tura
442 2161 701 2216 fruetibus
730 2179 877 2227 aetas;
917 2165 1204 2234 habuitque
1234 2172 1412 2221 omnia
1439 2173 1495 2220 in
1524 2171 1865 2223 adolescentia
1890 2187 2080 2239 praeter
2119 2173 2234 2223 ado-

292 2234 587 2288 lescentiam
609 2277 620 2287 .
678 2236 827 2300 Quid
867 2255 990 2307 ergo
1031 2238 1457 2305 expeciandum?
1496 2240 1592 2292 nisi
1626 2240 1832 2294 frustus
1860 2242 2087 2311 perfecsti
2118 2262 2234 2295 con-

293 2307 424 2373 filii,
454 2306 720 2378 solidaeque
761 2308 1014 2372 virtutis;
1055 2308 1248 2379 hosque
1284 2313 1380 2364 Illa
1419 2312 1749 2379 uberrimos,
1790 2313 2231 2385 perspefftosque„

289 2379 533 2434 exhibuit
562 2379 763 2433 summa
802 2399 921 2452 erga
954 2381 1142 2435 Deum
1168 2424 1182 2447 ‚
1220 2383 1616 2455 Deiparamque
1653 2387 1852 2455 pietate
1881 2429 1894 2453 ,
1935 2387 2230 2440 admirabili

290 2454 409 2507 vitae
450 2452 754 2522 integritate
777 2496 788 2517 ‚
828 2453 1013 2523 infigni
1053 2457 1438 2524 temperantia,
1469 2458 1529 2510 &
1568 2458 1883 2528 prudentia,
1917 2459 2234 2529 incompara-

288 2526 381 2579 bili
423 2526 747 2589 reverentia,
778 2527 838 2578 &
867 2525 1112 2596 obsequio
1142 2546 1261 2598 erga
1290 2529 1543 2582 Parentes
1565 2573 1577 2596 ‚
1609 2530 1831 2601 simplici
1852 2574 1865 2597 ‚
1897 2533 1958 2585 δί
1989 2532 2232 2603 castigato

288 2599 583 2669 (quantum
630 2598 843 2650 decebat
891 2597 1324 2653 adolescentulam
1362 2603 1712 2674 Principem)
1755 2604 1989 2673 corporis
2040 2606 2187 2658 cultu
2219 2650 2230 2671 ,

287 2671 481 2723 eximia
520 2669 816 2740 frugalitate
856 2714 868 2735 ,
908 2670 1182 2741 victusque
1231 2674 1434 2726 ratione
1481 2675 1787 2746 indignante
1838 2676 2230 2748 quascumque„

286 2743 584 2813 peregrinas
615 2743 853 2812 cupedias
875 2786 886 2807 ,
916 2745 977 2796 ὃζ
1006 2745 1133 2814 gulae
1172 2744 1476 2800 scitamenta
1496 2790 1508 2812 ‚
1539 2748 1748 2819 aliisque
1789 2749 2083 2801 innumeris
2124 2752 2228 2803 ani-

288 2816 364 2868 mi
394 2816 602 2868 dotibus
623 2857 635 2880 ,
668 2831 815 2868 tanto
845 2814 1017 2867 studio
1057 2819 1342 2870 reconditis
1374 2820 1429 2871 in
1460 2820 1729 2873 secretiori
1770 2822 1967 2875 receffu
2009 2826 2114 2888 ejus
2156 2825 2231 2875 in-

287 2888 536 2958 tegerimi
565 2888 823 2957 pestoris,
854 2903 914 2940 ut
954 2887 1085 2940 nihil
1124 2891 1184 2942 ab
1225 2906 1335 2943 arte
1376 2892 1609 2958 sanstum,
1639 2893 1722 2946 sed
1763 2894 1938 2946 omnia
1975 2913 2001 2947 a
2042 2911 2227 2948 natura

291 2960 538 3029 accepisse
579 2960 885 3014 videretur.

434 3033 641 3084 Decora
669 3033 835 3087 isthaec
858 3077 869 3099 ,
900 3035 1097 3106 aliaque
1127 3037 1275 3105 plura
1303 3037 1535 3090 sublimis
1566 3055 1699 3092 notae
1739 3056 2046 3094 ornamenta
2066 3084 2079 3107 ,
2111 3043 2225 3113 qui-

284 3108 379 3159 bus
410 3105 466 3156 in
496 3105 648 3157 terris
676 3105 957 3175 praeluxisti
978 3151 990 3173 ,
1021 3129 1052 3160 o
1081 3110 1316 3162 Maxima
1344 3110 1497 3180 super
1535 3112 1782 3165 maximas
1823 3113 2038 3165 foemina
2077 3114 2223 3184 (non

283 3177 635 3244 ChlamydeS,
673 3198 779 3230 non
819 3178 984 3231 Tiarae
1013 3223 1026 3245 ,
1066 3201 1171 3233 non
1210 3202 1453 3252 purpura:
1484 3226 1496 3248 ,
1536 3203 1642 3235 non
1680 3186 1833 3254 plena
1872 3186 2113 3238 laureatis
2154 3187 2221 3238 fa-

281 3249 448 3303 scibus
479 3248 608 3300 atria
634 3250 899 3317 Majorum
931 3267 1150 3305 tuorum
1171 3297 1183 3318 ‚
1214 3255 1402 3325 quibus
1435 3257 1496 3308 ad
1536 3255 1792 3309 invidiam
1832 3257 1992 3327 usque
2031 3260 2219 3310 redun-

279 3323 368 3375 dat
397 3320 445 3372 T
449 3320 727 3374 aurinenfis
756 3322 924 3393 Aula)
956 3325 1012 3377 in
1040 3326 1120 3378 tui
1150 3346 1384 3379 amorem
1416 3343 1694 3381 traxerunt
1733 3329 2216 3382 Clementissimum

280 3394 490 3462 Regem
529 3391 761 3446 nostrum
810 3395 1219 3451 CAROLUM
1269 3400 1773 3453 EMANUELEM
1814 3420 1875 3452 eo
1915 3401 2074 3471 usque
2114 3401 2217 3455 sua-

279 3465 429 3517 vibus
467 3463 732 3519 Virtutum
771 3483 983 3519 tuarum
1021 3471 1243 3522 nexibus
1290 3472 1603 3525 devincffum
1634 3516 1646 3537 ‚
1685 3490 1745 3525 ut
1785 3473 1923 3525 votis
1972 3474 2213 3526 omnibus

279 3536 639 3605 concupierit,
671 3538 1010 3612 faeliciterque
1049 3543 1344 3596 obtinuerit
1374 3547 1589 3616 jungere
1627 3545 1811 3598 amicas
1850 3546 2087 3669 dexiteras
2117 3565 2211 3614 per

1195 3615 1254 3669 D
1331 3635 1360 3668 2
1963 3630 2140 3671 acrum
