2508 4039
373 410 442 457 26

304 478 360 535 jn
399 475 574 531 medio
612 472 740 525 flore
779 470 999 525 virentis
1041 472 1148 536 ejus
1189 465 1556 533 aetatiS,atque
1587 476 1647 514 ut
1686 480 1777 514 nos
1816 458 2018 529 sperare
2058 457 2240 523 jubent

303 548 506 606 eximiae
546 547 682 599 illius
722 545 986 608 virtute3‚
1010 554 1234 609 exceptae
1275 538 1331 589 in
1369 535 1480 588 finu
1519 535 1676 587 beatae
1718 529 2078 586 AEternitatis.

446 623 574 685 Qnae
613 633 789 670 autem
820 616 1007 668 futurae
1039 613 1137 665 sint
1166 625 1336 681 partes
1368 627 1492 659 meae
1523 606 1648 677 (cui
1689 626 1795 659 non
1832 605 1897 657 ob
1926 602 2239 673 praecipuam

302 695 527 764 aliquam
566 689 1001 742 exercitationem
1040 683 1251 738 dicendi
1289 725 1302 747 ‚
1341 695 1431 733 aut
1479 678 1679 750 ingenii
1718 675 2061 748 praestantiam
2099 718 2112 741 ,
2151 676 2237 728 sed

299 767 457 820 unius
497 762 762 833 obsequii,
784 777 938 830 atque
976 755 1284 812 obedientiae
1316 751 1458 807 causa
1497 749 1853 823 gravissimum
1881 767 2073 800 munus
2104 749 2238 801 obti-

295 839 425 909 git)
466 837 522 889 in
580 833 904 893 recensendis
943 874 955 898 ,
996 824 1525 896 commendandisque
1583 823 1793 877 dotibus
1852 819 2050 874 excelsae
2108 821 2238 878 adeo

297 911 555 969 Heroinae
578 952 590 975 ,
629 909 756 962 dum
795 908 1008 960 meeum
1048 902 1153 974 ipse
1193 898 1524 968 contemplor
1546 940 1560 965 ‚
1597 900 1695 965 jam
1734 895 1898 948 sentio
1929 937 1941 959 ,
1972 909 2126 964 quam
2162 912 2238 947 ar-

300 977 516 1048 duum⁴²
556 981 830 1050 imparque
880 978 942 1030 fit
992 973 1243 1029 tenuitati
1301 970 1565 1041 inexperti
1614 969 1835 1022 oratoris
1875 968 2027 1038 digna
2067 966 2236 1038 Regis

301 1057 480 1109 dolore
511 1097 523 1119 ,
563 1053 718 1122 digna
756 1051 1010 1121 religione
1046 1092 1062 1115 .,
1105 1067 1159 1100 ac
1199 1046 1395 1115 pietate
1435 1057 1588 1097 tantae
1629 1042 1846 1113 Reginae
1885 1083 1897 1107 ,
1936 1039 2091 1110 digna
2129 1054 2238 1091 tam

299 1125 693 1181 Excellentibus
716 1167 728 1189 ‚
760 1140 972 1192 tamque
1010 1119 1329 1189 sapientibus
1367 1114 1725 1168 Auditoribus
1766 1112 1939 1184 eloqui
1980 1133 1989 1162 ε
2028 1112 2235 1164 Idcirco

297 1219 488 1270 pauca,
510 1199 569 1251 ἃ
590 1196 829 1267 praesenti
860 1192 1116 1247 moestitiae
1149 1189 1494 1261 congruentia
1522 1187 1692 1241 dicam
1712 1230 1724 1254 ,
1747 1187 2053 1254 adnitarque
2083 1202 2237 1254 quan-

297 1289 418 1325 tum
457 1271 528 1324 fas
569 1269 672 1321 erit
713 1269 881 1322 lenire
929 1267 1269 1320 acerbitatem
1317 1260 1612 1315 communis
1652 1260 1823 1312 ludius
1874 1257 2237 1311 recordatione

297 1345 796 1413 virtutum'magnae
837 1340 976 1393 illius
1015 1331 1421 1402 Animae,cu'jus
1462 1332 1711 1404 nusquam
1748 1331 2093 1385 interituram
2131 1348 2235 1384 me-

297 1417 518 1475 moriam
556 1415 710 1466 hodie
751 1414 848 1466 hoc
888 1414 940 1467 in
984 1410 1211 1479 Templo
1250 1407 1481 1459 maximo
1518 1424 1864 1462 veneramur.

440 1486 749 1541 Periculosae
800 1485 906 1539 suit
959 1485 1161 1554 semper
1198 1480 1418 1550 plenum
1455 1499 1584 1549 opus
1634 1479 1747 1530 aleae
1798 1477 2040 1536 laudandi
2081 1475 2240 1529 consi-

298 1563 430 1619 lium
464 1604 475 1626 ‚
511 1578 676 1631 eoque
715 1559 874 1630 magis
914 1556 1118 1628 quoties
1169 1553 1432 1623 contingit
1468 1551 1722 1622 praeconia
1770 1566 1951 1603 texere
1991 1548 2238 1602 Manibus

296 1635 481 1705 Regiae
530 1633 741 1700 alicujus
780 1628 1063 1700 Majesta-tis
1094 1672 1107 1695 ,
1137 1645 1361 1696 namque
1408 1625 1464 1677 in
1502 1623 1761 1677 similibus
1793 1624 1878 1677 vel
1920 1621 2060 1691 carpi
2111 1620 2239 1674 solet

298 1705 848 1774 Encomiastes,quod
888 1702 1118 1756 nimium
1157 1718 1336 1753 avarus
1376 1697 1572 1750 arbiter
1604 1696 1769 1748 fuerit
1808 1695 2092 1748 alienarum
2132 1694 2241 1746 vir-

298 1796 480 1834 tutum
507 1822 519 1844 ‚
553 1778 635 1831 vel
675 1797 781 1830 non
821 1797 961 1835 >raros
986 1774 1254 1827 censuram
1292 1771 1495 1842 patitur
1523 1813 1536 1836 ‚
1575 1769 1713 1840 quod
1753 1766 1991 1838 perdulci
2031 1766 2241 1818 affenta-

298 1853 508 1912 tionum
537 1869 744 1904 veneno
775 1850 1037 1905 studuerit
1077 1844 1301 1898 sabulosa
1338 1842 1603 1897 adstruere
1624 1885 1637 1908 ‚
1659 1860 1836 1911 quaeve
1866 1839 1972 1909 ipse
2002 1838 2236 1891 laudator

296 1945 402 1978 non
444 1924 613 1982 credit
641 1923 972 1976 incredibilia
1000 1919 1273 1974 venditare
1312 1916 1641 1970 auditoribus
1680 1915 1740 1967 ad
1773 1912 2068 1968 extollenda
2096 1910 2234 1965 illius

298 1998 644 2070 gesta‚quem
683 1995 775 2048 fibi
816 1992 1295 2048 commendandum
1332 1989 1638 2061 proposuit.

441 2072 504 2123 In
543 2068 634 2121 hac
672 2087 777 2121 non
818 2068 924 2121 levi
963 2064 1199 2136 perplexi
1240 2063 1404 2121 animi
1443 2062 1751 2116 difficultate
1793 2060 2021 2131 ingenue
2054 2061 2237 2127 fateor,

298 2163 383 2197 me
432 2160 701 2212 nunquam
751 2140 866 2193 satis
916 2141 1092 2192 dicere
1151 2137 1291 2207 posse
1332 2180 1343 2203 ‚
1384 2136 1523 2206 quod
1568 2135 1654 2189 vel
1702 2133 1991 2185 minimum
2039 2152 2237 2203 aequare

298 2217 463 2272 valeat
511 2214 758 2266 sublimes
810 2212 989 2266 nostrae
1027 2211 1286 2264 Heroinae
1325 2209 1555 2260 virtutes
1604 2226 1726 2258 eum
1767 2206 1822 2261 in
1871 2207 2090 2258 modum
2124 2248 2140 2270 ,
2177 2222 2241 2258 ut

295 2309 406 2360 quae
426 2288 487 2340 ad
510 2285 745 2338 exactam
773 2284 1007 2337 numeris
1037 2280 1281 2334 omnibus
1311 2279 1606 2332 orationem
1637 2278 1885 2331 deficient
1907 2322 1918 2342 ‚
1941 2298 1996 2330 ea
2018 2278 2244 2330 debeant

296 2360 519 2415 *adscribi
559 2378 665 2411 ‚non
703 2359 878 2410 animo
900 2400 911 2422 ,
935 2356 1018 2408 sed
1058 2353 1264 2407 incultae
1301 2353 1551 2405 mineruae
1584 2351 1864 2404 inexerciti
1886 2349 2132 2403 Oratoris
2155 2392 2166 2402 .

444 2433 656 2484 Abeant
696 2449 820 2501 ergo
859 2430 1142 2496 redemptae
1183 2424 1355 2476 laudes
1387 2467 1399 2490 ,
1428 2425 1606 2479 exulet
1646 2423 1781 2476 foeda
1819 2423 2047 2475 adulatio
2087 2438 2239 2478 vetus

300 2508 358 2559 in
396 2504 663 2573 republica
703 2505 897 2555 malum
920 2516 1162 2568 ,tamque
1203 2496 1329 2549 absit
1366 2515 1393 2548 a
1432 2496 1600 2565 specie
1638 2495 1990 2549 assentationis
2022 2495 2239 2562 sincera,

301 2581 362 2639 {Sc
400 2577 613 2646 simplex
652 2575 820 2627 oratio
859 2593 1003 2636 mea,
1034 2589 1189 2642 quam
1227 2570 1377 2639 longe
1415 2567 1567 2622 distat
1606 2589 1633 2621 a
1672 2567 1967 2620 necestitate
1991 2611 2001 2620 .

447 2651 626 2714 Quare
665 2647 1015 2700 humillimam
1050 2642 1263 2697 veniam
1301 2661 1328 2693 a
1364 2640 1511 2694 vobis
1541 2641 1693 2711 posco
1715 2682 1726 2704 ,
1748 2640 2116 2710 Augustiffimi
2148 2641 2243 2695 Ci-

305 2741 456 2780 neres
496 2736 647 2773 tantae
688 2721 909 2788 Reginae
948 2713 1510 2786 Progenitorum‚qui
1549 2713 1664 2766 solis
1701 2727 1980 2782 utramque
2020 2714 2243 2766 domum

305 2793 512 2865 ingenti
572 2810 753 2843 rerum
809 2789 1069 2860 gestarum
1128 2786 1262 2838 fama
1310 2784 1621 2854 implevistis
1661 2827 1673 2850 ,
1713 2784 1750 2835 fi
1789 2786 1946 2837 modo
1984 2801 2239 2854 praetereo

305 2865 496 2936 alioqui
537 2863 712 2916 debita
750 2862 954 2914 meritis
993 2858 1176 2914 vestris
1216 2857 1384 2910 officia
1419 2899 1432 2921 ‚
1472 2858 1667 2927 quippe
1705 2857 1914 2908 nullum
1953 2857 2084 2910 mihi
2123 2877 2241 2927 pro-

305 2939 534 3010 positum
573 2935 738 2989 aliena
784 2933 1023 2987 laudandi
1066 2976 1076 2996 ,
1116 2930 1211 2983 nifi
1251 2949 1309 2981 ea
1353 2929 1556 2981 ratione
1595 2973 1607 2996 ,
1648 2948 1746 2999 qua
1793 2929 2013 2982 collectae
2062 2948 2240 2982 omnes

307 3012 615 3068 Atavorum,
648 3007 876 3060 virtutes
918 3007 973 3058 in
1022 3023 1123 3058 una
1160 3002 1564 3058 POLIXENA
1601 3001 1915 3072 JOANNA
1955 3022 2040 3054 eos
2080 3002 2243 3055 etiam

308 3083 525 3137 trahunt
564 3082 620 3132 in
657 3095 859 3149 partem
902 3075 1370 3132 commendationis
1400 3117 1412 3139 ‚
1442 3094 1568 3144 quos
1608 3074 1800 3126 habent
1850 3074 2106 3145 sanguinis
2135 3117 2148 3141 ‚
2179 3077 2241 3129 ὅτ,

306 3155 523 3225 originis
562 3152 867 3204 Authores.
925 3153 1102 3203 Nemo
1150 3148 1295 3200 enim
1347 3166 1481 3207 unus
1522 3145 1596 3198 est
1643 3146 1698 3198 in
1751 3165 1808 3196 re
1846 3145 2089 3201 historica
2130 3163 2240 3200 tarn

306 3228 487 3296 hospes
517 3269 528 3292 ‚
566 3245 621 3278 ac
659 3225 966 3294 peregrinus
996 3266 1008 3288 ,
1049 3224 1259 3291 tamque
1299 3236 1532 3272 remotus
1570 3220 1630 3271 ab
1668 3217 1948 3271 illustrium
1986 3221 2243 3272 Heroum

310 3298 755 3367 celebritate,qui
795 3298 941 3365 plane
982 3296 1190 3366 ignoret
1229 3308 1319 3345 aut
1348 3292 1755 3345 POLIXENAE
1796 3291 1984 3344 avitam
2024 3293 2243 3363 gloriam

310 3392 337 3426 a
374 3370 656 3425 clarissimis
693 3369 1033 3438 Principibus
1083 3365 1369 3436 longissime
1408 3408 1421 3431 ‚
1471 3361 1974 3434 cumulatissimeque
2024 3366 2086 3416 ad
2126 3383 2241 3416 eam

309 3444 470 3514 usque
527 3442 802 3494 dedudtam
839 3483 852 3505 ‚
910 3456 998 3493 aut
1053 3435 1384 3492 Invic’stiffimi
1425 3436 1610 3506 Sponsi
1666 3435 1962 3505 praecelsum
2020 3436 2241 3502 Genus,

307 3519 451 3581 cujus
490 3514 526 3566 fi
564 3513 932 3584 antiquitatem
973 3512 1203 3582 requiras
1233 3553 1248 3576 ,
1287 3528 1501 3561 omnem
1542 3508 1652 3560 fere
1692 3509 2001 3561 memoriam
2041 3524 2243 3561 antece-

311 3588 392 3645 dit
429 3630 441 3658 ,
480 3586 518 3639 si
555 3586 898 3657 Religionem
936 3627 949 3651 ‚
990 3585 1195 3637 nullum
1233 3581 1393 3652 magis
1432 3579 1680 3635 acceffiffe
1727 3579 1941 3636 Videtur
1979 3581 2040 3634 ad
2082 3581 2251 3650 Supe·.

2060 3671 2174 3719 ros;
