2508 4039
2124 366 2141 396 1

283 438 406 472 rum
444 436 685 471 meorum
724 417 876 471 cursu
915 419 1086 487 placet
1125 419 1352 488 supernae
1391 418 1745 471 Providentia:
1782 437 1809 469 a
1847 436 1935 469 me
1973 365 2213 486 repe3tere

285 491 512 544 animam
533 534 545 557 ‚
576 509 727 561 quam
756 490 885 542 mihi
919 490 1205 543 liberaliter
1245 491 1470 544 credidit
1491 534 1502 555 ‚
1535 506 1594 543 ut
1624 492 1900 543 redderem
1938 491 2215 543 meliorem.

284 563 391 634 (oh
431 583 516 615 me
556 563 771 617 faelicem
791 605 803 628 ‚
835 563 871 614 fi
901 562 998 616 hoc
1037 563 1393 632 obtinuero).
1436 564 1636 615 Eadem
1666 563 1832 617 Vobis
1854 607 1866 628 ‚
1898 564 2077 615 eadem
2107 583 2215 614 om-

281 637 437 689 nibus
476 637 561 688 lex
597 635 785 703 scripta
821 652 999 688 manet
1039 679 1049 699 ‚
1090 651 1150 688 ut
1190 652 1339 688 terra:
1395 636 1645 688 reddatur
1683 651 1825 688 terra
1872 635 2016 687 nullo
2055 637 2214 687 aetatis

285 708 586 762 discrimine
608 750 618 760 .
657 706 900 760 Praestate
930 709 984 760 id
1012 709 1140 759 Filii
1161 751 1174 773 ‚
1215 724 1274 760 ut
1315 727 1372 760 ea
1412 728 1624 761 morum
1656 707 1926 760 sanctitate
1947 751 1958 772 ,
1988 708 2216 760 honesta-

283 796 440 852 teque
480 780 664 835 vivatis
697 823 708 845 ‚
747 780 808 832 ad
855 800 1010 850 quam
1051 800 1140 833 Vos
1181 781 1382 851 genui,
1424 780 1755 850 vestramque
1792 781 2078 849 pueritiam
2118 780 2218 832 for-

283 854 454 907 mavi.
514 853 832 907 Gratulabor
874 853 1206 906 foecunditati
1247 873 1369 904 meae
1417 853 1579 905 etiam
1626 853 1739 923 post
1788 853 1988 905 cineres
2028 896 2039 918 ,
2080 854 2217 923 quod

283 926 415 978 filios
462 925 718 979 ediderim
760 924 1067 978 Christiano
1118 927 1334 978 nomine
1375 924 1608 996 dignos,
1662 927 1722 978 ὃζ
1774 924 1928 976 enixe
1967 926 2219 994 precabor

284 997 521 1051 divinam
557 997 976 1051 Misericordiam
1013 1041 1025 1064 ‚
1066 1013 1127 1050 ut
1166 999 1314 1051 vobis
1352 999 1529 1068 potius
1568 997 1784 1052 vivendi
1826 1013 2065 1067 tempora
2104 1017 2221 1051 con-

286 1070 489 1137 trahat,
511 1090 661 1142 quam
698 1070 827 1123 finat
868 1070 1046 1124 stolam
1073 1072 1353 1140 probitatis
1383 1090 1577 1123 exuere
1601 1114 1611 1124 .
1670 1069 1911 1123 Utimini
1951 1071 2076 1122 totis
2116 1071 2222 1122 die-

286 1144 415 1209 bu8,
447 1160 848 1214 extremumque
887 1143 1036 1198 vobis
1076 1142 1279 1214 semper
1317 1145 1481 1197 adeffe
1522 1144 1780 1214 cogitate.

426 1216 587 1270 Plura
621 1235 727 1268 non
775 1216 958 1269 habuit
1005 1236 1151 1268 amor
1180 1259 1193 1282 ,
1224 1237 1331 1287 quae
1379 1217 1610 1286 aperiret
1646 1215 1985 1283 Principibus
2036 1216 2220 1280 Filiis,

287 1289 406 1360 quia
443 1309 546 1343 vox
584 1289 769 1341 mediis
810 1290 865 1342 in
914 1289 1148 1342 faucibus
1196 1289 1510 1359 intercoepta
1546 1290 1607 1342 ab
1646 1289 1850 1357 impetu
1891 1288 2221 1359 malignantis

286 1362 631 1431 fimptomatis
681 1361 889 1415 abstulit
938 1361 1250 1433 potestatem
1295 1363 1446 1432 plura
1492 1362 1744 1415 dicendi.
1802 1359 2113 1431 Utcumque
2153 1376 2222 1413 ta-

283 1452 408 1487 men
446 1435 739 1506 fugientem
778 1434 1026 1505 spiritum
1065 1435 1298 1487 retinere
1337 1436 1809 1504 potuit‚invocata
1837 1433 2103 1502 Deipara,
2127 1433 2221 1484 fin-

283 1508 483 1579 gulanti
522 1527 679 1573 Voce,
711 1523 770 1560 ut
811 1508 905 1561 fibi
944 1506 1125 1578 praesto
1165 1508 1266 1559 effe
1306 1508 1614 1578 dignaretur
1654 1508 1709 1559 in
1748 1521 1896 1558 tanto
1937 1506 2185 1558 conflistu
2210 1548 2221 1569 ,

283 1595 458 1632 morte
494 1582 555 1633 ab
592 1581 833 1634 omnibus
872 1581 1190 1645 invidenda,
1213 1580 1267 1632 in
1306 1580 1478 1633 osculo
1519 1599 1787 1650 nunquam
1819 1577 2010 1630 dimilli
2033 1578 2223 1632 Cruci-

283 1653 373 1704 fixi
395 1652 568 1723 ‚quafi
609 1653 788 1706 somno
828 1653 993 1706 soluta
1033 1653 1106 1706 est
1129 1696 1139 1705 .

425 1724 569 1778 Proh
609 1726 777 1780 sanota
797 1727 1001 1779 AEterni
1043 1727 1298 1780 Numinis
1337 1728 1490 1780 fides!
1549 1726 1824 1780 Occubuit
1864 1743 1988 1795 ergo
2019 1724 2223 1776 POLI-

283 1797 500 1852 XENA
537 1799 783 1870 Magistra
810 1842 824 1864 ,
853 1801 914 1853 &c
952 1800 1108 1853 decus
1148 1801 1450 1853 matronalis
1500 1798 1848 1852 sanctimoniae
1877 1841 1889 1863 ‚
1931 1797 2224 1849 deliciu1n.,

284 1872 448 1925 saeculi
487 1871 648 1924 nostri
680 1915 693 1939 ‚
724 1873 839 1924 Ara
867 1915 880 1937 ,
910 1873 971 1926 ὅῑ
1009 1872 1305 1942 praesldium
1346 1873 1588 1925 omnium
1628 1874 1688 1924 ad
1729 1871 1776 1922 se
1818 1869 2223 1939 confugentium

285 1945 341 1997 in
381 1944 667 2009 dubiis,&
706 1945 761 1995 in
802 1945 1064 1997 adversis?
1110 1946 1314 1998 Redite
1355 1947 1589 2014 lacrymas
1612 1988 1623 2009 ,
1646 1943 1943 1997 communis
1981 1941 2223 1993 maestitiae

284 2016 438 2070 testes
468 2061 480 2083 ‚
510 2017 571 2070 ad
612 2035 700 2070 cor
740 2017 906 2088 Regis
946 2018 1177 2071 Domini
1217 2062 1228 2083 ,
1270 2019 1479 2089 ejusque
1518 2018 1701 2088 Regiae
1742 2015 1926 2068 sobolis
1966 2036 1974 2065 :
2017 2014 2220 2066 Redite

283 2091 344 2143 ad
383 2109 472 2144 cor
512 2089 842 2142 subditorum
865 2134 877 2156 ‚
907 2092 1047 2144 unde
1086 2091 1350 2162 originem
1389 2091 1713 2154 trahitiS,&
1751 2090 1806 2140 in
1848 2103 1992 2140 tanta
2028 2086 2224 2138 animo-

284 2181 405 2215 rum
455 2162 871 2216 consternatione
921 2164 1098 2216 subeat
1137 2164 1371 2215 officium
1410 2162 1646 2215 vestrum
1695 2163 1904 2231 elingue
1954 2159 2224 2211 silentium

283 2234 535 2306 nusquam
574 2237 699 2289 adeo
738 2235 947 2301 vocale,
978 2235 1074 2287 nifi
1115 2255 1237 2288 cum
1278 2235 1483 2304 stupet,

427 2307 616 2379 Tuque
639 2305 684 2361 ⁴o
723 2309 934 2379 Regina
962 2328 1068 2360 non
1096 2308 1274 2361 caduci
1296 2308 1601 2361 diadematis
1624 2351 1635 2373 ,
1659 2327 1767 2377 quae
1807 2306 1868 2358 ad
1908 2303 2065 2356 instar
2087 2303 2225 2371 syde-

285 2382 356 2434 ris
397 2380 725 2435 Vetustissimi
766 2381 949 2451 Regiae
989 2396 1087 2432 tuae
1127 2380 1321 2433 Gentis
1360 2380 1571 2451 infignis
1611 2400 1676 2432 ex
1714 2381 1819 2431 alto
1860 2398 1950 2430 nos
1990 2376 2224 2445 respicis,

286 2469 474 2508 excute
511 2455 573 2506 ab
612 2454 796 2506 animis
838 2452 1023 2505 nostris
1053 2496 1066 2518 ‚
1106 2453 1362 2523 quidquid
1395 2451 1618 2522 stuporis
1656 2450 2104 2522 flagrantissimum
2144 2449 2225 2500 tui

285 2526 604 2581 desiderium
652 2525 857 2579 incussit
896 2569 908 2591 ‚
965 2525 1192 2595 talesque
1240 2526 1388 2577 nobis
1438 2526 1713 2578 renideant
1763 2540 1862 2576 tuae
1911 2521 2225 2575 defensionis

284 2598 486 2653 afflatus
527 2642 538 2663 ,
577 2615 638 2652 ut
675 2602 819 2666 jure,
859 2600 920 2652 &C
959 2598 1154 2650 merito
1193 2596 1274 2649 Te
1314 2598 1509 2650 stellam
1549 2599 1685 2667 pacis
1715 2640 1728 2661 ,
1769 2597 1849 2648 Te
1890 2594 2225 2664 Cynosuram

285 2673 427 2724 inter
467 2687 549 2724 tot
587 2687 760 2724 motus
801 2690 1084 2742 regnorum
1115 2714 1126 2736 ‚
1167 2670 1532 2741 bellorumque
1570 2671 1760 2722 fiucstus
1800 2686 2104 2737 nuncupare
2146 2685 2226 2719 va-

287 2746 481 2797 leamus
504 2787 514 2796 .
572 2745 773 2799 Videor
813 2747 912 2811 jam
951 2762 1166 2796 cernere
1197 2741 1277 2795 Te
1316 2759 1589 2812 exceptam
1620 2742 1905 2813 (cingente
1945 2742 2105 2793 latera
2134 2753 2223 2790 tua

283 2818 552 2871 virtutum
589 2817 832 2869 omnium
871 2816 1118 2884 caterva)
1159 2816 1215 2867 in
1254 2815 1427 2868 sedem
1468 2818 1623 2868 beatae
1665 2814 1992 2867 AEternitatis
2023 2855 2034 2877 ‚
2066 2830 2221 2882 quam

283 2890 492 2959 Regius
530 2907 673 2941 amor
711 2889 810 2941 tibi
851 2888 1186 2941 adumbravit
1225 2888 1282 2939 in
1319 2888 1415 2941 hoc
1457 2887 1668 2940 funebri
1706 2888 2120 2957 Pegmate,non
2160 2899 2222 2935 ut

284 2963 433 3015 daret
472 2961 816 3015 ambitionem
856 2961 1025 3013 dolori
1056 3003 1068 3026 ,
1102 2959 1186 3012 sed
1226 2976 1288 3012 ut
1327 2961 1540 3012 tolleret
1581 2959 1835 3012 invidiam
1884 2957 2080 3009 morti.
2138 2956 2222 3007 Ex

283 3035 374 3086 illo
401 3052 535 3087 Verae
575 3034 834 3086 beatitatis
855 3033 1083 3102 Templo
1123 3033 1365 3102 expestat
1395 3034 1521 3084 Rex
1542 3032 1811 3084 Dominus
1834 3074 1845 3095 ,
1867 3032 1927 3084 ὃζ
1948 3027 2217 3083 Universae

282 3104 576 3159 Provinciae
616 3109 718 3171 ejus
758 3105 1107 3158 dominationi
1149 3104 1381 3170 subjectae
1421 3104 1698 3173 expeciant
1739 3119 1980 3172 optatum
2016 3101 2217 3153 dudum

284 3177 454 3231 accisis
494 3177 644 3229 rebus
681 3178 939 3240 solamen;
979 3178 1033 3230 id
1071 3176 1242 3246 ipsum
1283 3177 1500 3230 fervidis
1540 3178 1676 3229 Votis
1716 3191 1894 3227 exorat
1927 3172 2218 3225 moerentis—

285 3251 410 3313 fima
448 3248 550 3300 haec
588 3249 794 3304 Civitas
834 3293 846 3316 ,
888 3251 949 3303 &C
986 3248 1222 3301 Insubria
1260 3292 1273 3314 ‚
1312 3252 1456 3313 cujus
1497 3248 1604 3319 spes
1645 3267 1825 3299 omnes
1866 3290 1878 3311 ,
1917 3266 1948 3298 o
1987 3245 2217 3298 Grandis

285 3321 593 3385 Anima‚in
633 3321 741 3375 finu
783 3320 1095 3376 validiffimae
1135 3322 1513 3374 benevolentiae
1555 3336 1654 3372 tuae
1695 3319 2001 3373 collocavit.

428 3394 682 3463 Dumque
719 3394 947 3448 Cineres
1003 3409 1120 3446 tuos
1178 3413 1426 3446 revereor
1475 3391 1873 3462 profundillime
1923 3391 1978 3442 in
2026 3388 2215 3453 terris,

284 3463 570 3521 submissius
609 3484 830 3520 veneror
868 3466 1095 3520 virtutes
1135 3481 1248 3518 tuas
1288 3467 1343 3519 in
1383 3466 1540 3522 Coelo
1568 3497 1604 3504 -
1642 3465 1958 3517 Dicebam—
