2508 4039
336 425 402 478 28

262 495 460 549 sacrum
498 494 723 565 conjugii
764 493 966 557 foeduS,
1006 512 1109 563 quo
1147 489 1352 543 nullum
1382 487 1582 559 geniale
1628 486 1786 557 magis
1816 526 1830 551 ,
1869 480 2198 554 faustumque

261 569 399 623 Vidit
438 565 760 620 Taurinense
800 565 1048 618 Coelum.
1154 610 1157 614 .
1988 582 1991 584 ·
2166 603 2170 606 ⁴

405 640 670 692 Traducta
699 639 760 690 ad
798 637 966 689 aulam
1005 635 1332 698 maritalem,
1364 633 1541 703 ibique
1581 646 1798 700 excepta
1838 648 1957 683 cum
1996 628 2199 683 effusa„

258 712 630 783 significatione
660 709 845 762 laetitiae
867 752 879 774 ,
910 709 1111 762 mirum
1141 707 1213 760 est
1245 721 1502 777 quantum
1532 702 1909 757 benevolentiae
1940 700 1997 753 in
2018 700 2195 771 Regio

256 783 486 854 SponsO,
525 798 781 853 quantum
819 781 1174 834 venerationis
1213 780 1268 831 in
1309 778 1562 843 subditis,
1602 777 1657 829 in
1687 775 1949 840 Vaffallis,
1987 773 2044 825 in
2082 773 2196 827 Ma-

257 856 424 909 tronis
483 855 574 907 fibi
634 852 995 908 conciliaverit
1053 852 1277 926 genuina
1334 850 1418 905 illa
1475 851 1691 903 comitas
1730 892 1743 915 ‚
1791 850 1852 903 ὅζ
1899 845 2194 899 moderatio

256 928 558 998 (honorum
580 971 592 992 ,
623 927 1050 999 dignitatumque
1090 923 1375 978 firmiffima
1415 922 1613 992 custos)
1645 941 1754 992 quae
1794 921 1848 972 in
1886 938 1976 972 ore
1996 961 2008 985 ‚
2039 918 2095 970 in
2129 918 2197 972 fa-

254 1001 335 1056 cie
373 1000 634 1053 Heroidis
676 998 854 1052 nostrae
877 1041 889 1063 ‚
930 1016 1197 1070 tamquam
1236 997 1292 1049 in
1331 996 1546 1066 propria
1585 995 1699 1047 sede
1738 993 2001 1046 eminebat
2024 1034 2034 1044 .
2080 992 2193 1061 Jam

252 1068 345 1124 fibi
385 1073 599 1142 quisque
640 1072 808 1122 omnis
849 1073 1067 1140 gradus,
1108 1070 1280 1123 omnis
1321 1069 1513 1132 aetatiS,
1554 1068 1615 1120 ὃς
1652 1066 1800 1120 sexus
1841 1064 2196 1137 gratulabatur

252 1146 424 1196 datam
465 1145 490 1196 a
528 1143 743 1213 Superis
784 1144 989 1213 qualem
1027 1143 1247 1212 optasset
1286 1141 1587 1212 Reginam,
1618 1139 1824 1210 qualem
1863 1138 2050 1190 habere
2086 1137 2196 1189 Do-

253 1219 451 1269 minam
482 1216 645 1269 vellet
668 1259 678 1268 .
728 1216 906 1271 Nemo
937 1235 1120 1286 capere
1161 1229 1370 1285 poterat
1407 1212 1830 1284 magnitudinem
1861 1209 2033 1282 gaudii
2055 1251 2068 1275 ,
2109 1228 2194 1268 ne-

246 1308 339 1341 rmo
380 1288 562 1342 satiare
603 1287 813 1354 ocu103‚
854 1308 950 1342 nec
988 1308 1072 1341 eos
1113 1289 1386 1342 dimovere
1425 1287 1487 1338 ab
1526 1287 1717 1338 obtutu
1757 1285 1895 1336 illius
1925 1281 2193 1354 placidiffi-

249 1362 325 1416 mi
363 1362 540 1414 vultus
570 1404 582 1426 ‚
622 1362 678 1413 in
717 1381 819 1432 quo
859 1362 1031 1431 pudor
1058 1404 1071 1427 ‚
1112 1360 1457 1413 mansuetudo
1487 1402 1500 1426 ‚
1540 1360 1600 1413 &
1639 1357 1931 1412 humanitas
1971 1354 2193 1410 mixtam

248 1434 603 1504 exprefferant
642 1434 886 1486 omnium
906 1464 907 1467 κ
927 1435 1198 1487 virtutum
1235 1433 1405 1485 ideam
1426 1474 1435 1484 .

391 1507 760 1561 Veruntamen
802 1510 993 1574 majora
1029 1526 1121 1559 nos
1158 1521 1381 1569 vocant,
1420 1523 1516 1558 nec
1556 1504 1671 1557 satis
1711 1503 1785 1556 est
1813 1547 1825 1569 ‚
1865 1504 2192 1570 Auditores,

244 1580 394 1633 Vobis
424 1579 745 1632 adumbraffe
774 1580 1003 1633 virtutes
1024 1623 1037 1645 ,
1067 1599 1189 1650 quas
1219 1578 1385 1631 haufit
1417 1597 1596 1648 magna
1635 1577 1721 1629 illa
1748 1577 1950 1630 Anima
1988 1596 2052 1630 ex
2081 1576 2195 1630 finu

243 1652 560 1721 Principum
599 1652 927 1705 Genitorum
952 1695 963 1717 ‚
996 1652 1091 1704 nifi
1131 1652 1290 1704 etiam
1329 1694 1341 1716 ‚
1382 1670 1504 1721 quas
1544 1649 1691 1703 auxit
1729 1650 1788 1702 ad
1831 1650 2070 1714 laudem,
2108 1648 2200 1702 ho-

242 1724 598 1795 nestatemque
637 1725 867 1779 nominis
916 1724 994 1777 sui
1033 1725 1089 1777 in
1129 1724 1271 1777 Aula
1308 1722 1623 1777 Taurinenfi
1662 1721 1839 1777 Vestrae
1880 1722 2193 1793 expetitatio-

244 1798 299 1852 ni
339 1797 667 1850 recenseam.
2175 1843 2177 1845 ,

389 1872 472 1924 Ut
511 1871 749 1940 primum
789 1871 955 1942 igitur
994 1872 1177 1924 siluere
1217 1873 1523 1942 nuptiarum
1562 1872 1840 1936 solemnia,
1870 1871 1955 1923 illa
1993 1870 2049 1922 in
2087 1870 2191 1940 pri-

245 1943 346 1996 mis
386 1942 654 1996 fuitcura
694 1944 1036 1997 Serenisiimae
1076 1945 1279 2014 Sponsae
1309 1987 1322 2011 ,
1361 1960 1422 1998 ut
1462 1963 1641 1996 rerum
1681 1944 1971 2014 primordia
2009 1962 2104 2012 per
2143 1942 2193 1995 se

245 2016 407 2086 ipsam
446 2016 501 2067 in
531 2016 643 2067 aula
673 2016 897 2069 maritali
939 2018 1256 2087 agendarum
1285 2036 1311 2070 a
1341 2019 1414 2070 D.
1438 2017 1508 2069 O.
1531 2019 1609 2069 M.
1632 2017 2010 2084 auspicaretur,
2033 2031 2189 2086 atque

234 2090 307 2144 ad
347 2089 402 2141 id
440 2104 564 2140 vota
603 2086 821 2154 assidua,
858 2089 1140 2160 precesque
1177 2090 1460 2160 piaculares
1500 2088 1752 2141 fundebat
1791 2086 2091 2154 Altiffim0‚
2130 2103 2193 2141 ut

243 2181 342 2232 pro
382 2160 635 2213 immensa
672 2164 779 2226 ejus
817 2161 1153 2214 miseratione
1183 2162 1492 2233 dignaretur
1528 2161 1769 2214 omnium
1809 2160 2109 2225 erroribus,
2131 2163 2193 2214 &C

246 2234 346 2286 suis
376 2232 663 2302 praesertim
704 2233 970 2302 ignoscere
992 2275 1005 2297 ,
1026 2235 1267 2302 Regium
1297 2234 1598 2302 Conjugem
1637 2252 1759 2285 cum
1800 2231 2053 2286 universis
2084 2236 2190 2297 ejus

241 2304 519 2361 Dominiis
560 2303 804 2374 sospitare
826 2346 838 2368 ‚
879 2303 1079 2375 sibique
1119 2320 1356 2356 mentem
1387 2303 1702 2357 Orthodoxa
1739 2304 1951 2375 dignam
1981 2305 2193 2375 Regina

248 2378 492 2449 elargiri3
533 2377 690 2446 idque
729 2392 876 2430 tanta
914 2396 1037 2429 cum
1077 2375 1354 2429 accessione
1394 2376 1664 2430 virtutum
1693 2420 1706 2443 ‚
1747 2393 1809 2429 ut
1847 2378 1988 2430 intra
2028 2379 2193 2430 modi-

246 2470 370 2506 cum
410 2449 665 2518 temporis
704 2469 810 2501 non
849 2464 955 2501 tam
995 2450 1207 2519 Regem
1236 2491 1248 2514 ,
1289 2451 1349 2503 δί
1388 2450 1616 2520 Regiam
1647 2493 1659 2515 ,
1699 2449 1784 2503 sed
1824 2465 1992 2503 totam
2030 2449 2191 2503 etiam

245 2522 539 2577 Insubriam
578 2522 781 2592 ingenti
821 2521 1049 2574 nominis
1089 2521 1165 2574 sui
1204 2521 1455 2590 opinione
1495 2523 1818 2591 repleverit.

393 2594 839 2663 Quandoquidem
876 2594 913 2646 fi
943 2594 1147 2664 privata
1186 2593 1492 2662 respicimus
1514 2636 1526 2658 ,
1556 2596 1737 2646 eadem
1779 2615 1991 2649 morum
2030 2596 2192 2651 custo-

249 2669 374 2734 dia,
415 2667 681 2738 frugalitas
711 2710 724 2733 ,
764 2666 1116 2735 temperantia
1144 2709 1157 2732 ‚
1197 2666 1378 2720 eadem
1416 2665 1535 2719 vitae
1576 2666 1951 2735 sanitimonia-,
1990 2689 2190 2740 quanL„

250 2742 475 2809 innupta
514 2739 805 2792 servaverat
828 2781 840 2805 ‚
879 2739 1085 2809 haecque
1125 2739 1269 2790 nulla
1306 2737 1688 2803 ostentatione,
1729 2758 1848 2791 nam
1890 2742 1990 2793 effe
2029 2744 2191 2814 magis

249 2812 422 2867 voluit
460 2812 651 2880 proba,
691 2830 846 2881 quam
886 2812 1094 2864 videri.
1143 2809 1296 2865 Nihil
1336 2810 1392 2863 in
1432 2813 1538 2879 ejus
1579 2812 1935 2880 penetralibus
1974 2817 2189 2883 venale,

250 2900 340 2939 aut
377 2883 626 2954 pervium
663 2902 801 2935 vanae
839 2883 1159 2950 ambitioni,
1193 2883 1268 2935 nil
1307 2882 1400 2934 fibi
1440 2883 1637 2954 gratius
1667 2926 1679 2949 ,
1719 2884 1979 2955 magisque
2019 2886 2192 2939 conso-

251 2976 379 3011 num
418 2955 555 3010 votis
595 2955 756 3008 animi
796 2956 873 3008 sui
906 2999 915 3020 ,
955 2976 1110 3026 quam
1155 2956 1210 3008 in
1258 2955 1500 3008 omnibus
1548 2955 1758 3026 obsequi
1798 2957 1961 3028 Regii
2000 2959 2189 3012 Mariti

252 3028 518 3083 defideriis
558 3071 570 3093 ‚
611 3029 671 3084 SC
712 3046 775 3080 ex
814 3030 1009 3083 duabus
1057 3048 1084 3082 a
1135 3044 1320 3083 natura
1368 3027 1625 3081 distincffis
1663 3047 1820 3081 unam
1859 3045 2070 3083 tantum
2106 3052 2193 3087 vo,-

250 3104 509 3155 luntatem
548 3101 753 3152 efficere
775 3143 787 3154 .

396 3175 523 3226 Non
570 3174 709 3225 illam
757 3175 877 3226 aulae
918 3177 1272 3229 blandimenta
1310 3218 1323 3241 ,
1370 3195 1477 3228 non
1517 3175 1732 3229 monilia
1769 3219 1782 3241 ‚
1831 3196 1935 3230 non
1976 3198 2189 3250 gemmae

254 3245 517 3319 (pretiosa
557 3245 907 3316 foeminarum·
929 3249 1110 3319 Idola)
1150 3269 1256 3301 non
1293 3248 1506 3301 attalicae
1544 3248 1708 3302 vestes
1729 3291 1742 3314 ‚
1773 3269 1876 3302 non
1906 3252 2080 3323 Regia
2118 3253 2194 3305 di-

254 3318 467 3391 gnitatis
505 3318 754 3389 insignia,
784 3320 866 3371 vel
898 3321 1153 3390 quidquid
1191 3321 1331 3373 aliud
1371 3322 1691 3392 excogitavit
1728 3324 1994 3394 peregrini
2036 3326 2188 3377 luxus

255 3390 510 3444 industria
547 3391 752 3443 allicere
789 3407 1083 3458 potuerunt
1120 3436 1132 3461 ,
1171 3409 1232 3446 ut
1270 3411 1297 3446 a
1335 3393 1562 3462 praefixso
1619 3393 1710 3445 fibi
1750 3394 1883 3447 Vitae
1942 3396 2187 3449 instituto

252 3464 339 3518 vel
379 3461 662 3515 minimum
702 3463 984 3516 declinaret
1006 3508 1017 3528 ,
1040 3480 1287 3517 contenta
1324 3466 1531 3534 privato
1569 3467 1714 3519 cultu
1736 3508 1748 3531 ,
1777 3485 1940 3538 eoque
1980 3484 2189 3522 tantum

254 3550 442 3588 ornatu
465 3577 477 3600 ‚
507 3554 609 3604 quo
649 3534 741 3586 suae
782 3535 1039 3587 modestiae
1080 3536 1278 3605 placere
1315 3538 1515 3605 posset.
1574 3538 1810 3591 Unicum
1848 3541 1941 3592 fibi
1980 3541 2036 3592 in
2074 3561 2194 3611 pro-

254 3608 413 3681 speris
452 3650 466 3677 ,
505 3606 776 3678 dubiisque
836 3609 988 3660 rebus
1049 3607 1275 3661 solamen
1332 3608 1616 3680 confugere
1673 3611 1731 3662 ad
1790 3614 2190 3736 pedesAAEterni

2010 3704 2114 3737 mo-
